<record><leader>00000cas a2200000 a 4500</leader><controlfield tag="001">14714349</controlfield><controlfield tag="008">861114d17971800pauwr ne      0    0ger c</controlfield><datafield ind1=" " ind2=" " tag="010"><subfield code="a">sn 86053891 </subfield></datafield><datafield ind1=" " ind2=" " tag="040"><subfield code="a">NPX</subfield><subfield code="b">eng</subfield><subfield code="c">NPX</subfield><subfield code="d">DLC</subfield><subfield code="d">NPH</subfield><subfield code="d">KNP</subfield><subfield code="d">NPH</subfield><subfield code="d">NYS</subfield><subfield code="d">KNP</subfield><subfield code="d">HUL</subfield><subfield code="d">OCL</subfield><subfield code="d">CVF</subfield><subfield code="d">NYS</subfield><subfield code="d">KRTAS</subfield><subfield code="d">OCLCQ</subfield><subfield code="d">OCLCF</subfield><subfield code="d">OCLCO</subfield></datafield><datafield ind1="0" ind2=" " tag="041"><subfield code="a">gereng</subfield></datafield><datafield ind1=" " ind2=" " tag="042"><subfield code="a">pcc</subfield></datafield><datafield ind1=" " ind2=" " tag="043"><subfield code="a">n-us-pa</subfield></datafield><datafield ind1="0" ind2="4" tag="245"><subfield code="a">Der Unpartheyische Readinger Adler.</subfield></datafield><datafield ind1=" " ind2=" " tag="260"><subfield code="a">Reading [Pa. :</subfield><subfield code="b">J. Schneider],</subfield><subfield code="c">1797-1800.</subfield></datafield><datafield ind1=" " ind2=" " tag="300"><subfield code="a">207 no.</subfield></datafield><datafield ind1=" " ind2=" " tag="310"><subfield code="a">Weekly</subfield></datafield><datafield ind1="0" ind2=" " tag="362"><subfield code="a">Nr. 3 (17. Jan. 1797)-Nr. 209 (30. Dez. 1800).</subfield></datafield><datafield ind1=" " ind2=" " tag="500"><subfield code="a">Anti-Federalist. Cf. Arndt &amp; Olson. German lang. press.</subfield></datafield><datafield ind1="4" ind2=" " tag="510"><subfield code="a">Evans</subfield><subfield code="c">33107</subfield></datafield><datafield ind1="4" ind2=" " tag="510"><subfield code="a">Brigham, C.S. Amer. newspapers,</subfield><subfield code="c">p. 969</subfield></datafield><datafield ind1=" " ind2=" " tag="530"><subfield code="a">Also issued in microform from Readex Microprint Corp.</subfield></datafield><datafield ind1=" " ind2=" " tag="546"><subfield code="a">In German; some notices in English.</subfield></datafield><datafield ind1=" " ind2="0" tag="650"><subfield code="a">Germans</subfield><subfield code="z">Pennsylvania</subfield><subfield code="z">Reading</subfield><subfield code="v">Newspapers.</subfield></datafield><datafield ind1=" " ind2="0" tag="650"><subfield code="a">German Americans</subfield><subfield code="z">Pennsylvania</subfield><subfield code="v">Newspapers.</subfield></datafield><datafield ind1=" " ind2="0" tag="651"><subfield code="a">Reading (Pa.)</subfield><subfield code="v">Newspapers.</subfield></datafield><datafield ind1=" " ind2="0" tag="651"><subfield code="a">Berks County (Pa.)</subfield><subfield code="v">Newspapers.</subfield></datafield><datafield ind1=" " ind2="7" tag="655"><subfield code="a">Newspapers.</subfield><subfield code="2">fast</subfield><subfield code="0">(OCoLC)fst01423814</subfield></datafield><datafield ind1=" " ind2="7" tag="650"><subfield code="a">German Americans.</subfield><subfield code="2">fast</subfield><subfield code="0">(OCoLC)fst00941308</subfield></datafield><datafield ind1=" " ind2="7" tag="650"><subfield code="a">Germans.</subfield><subfield code="2">fast</subfield><subfield code="0">(OCoLC)fst00942100</subfield></datafield><datafield ind1=" " ind2="7" tag="651"><subfield code="a">Pennsylvania.</subfield><subfield code="2">fast</subfield><subfield code="0">(OCoLC)fst01204598</subfield></datafield><datafield ind1=" " ind2="7" tag="651"><subfield code="a">Pennsylvania</subfield><subfield code="z">Berks County.</subfield><subfield code="2">fast</subfield><subfield code="0">(OCoLC)fst01209226</subfield></datafield><datafield ind1=" " ind2="7" tag="651"><subfield code="a">Pennsylvania</subfield><subfield code="z">Reading.</subfield><subfield code="2">fast</subfield><subfield code="0">(OCoLC)fst01202803</subfield></datafield><datafield ind1="1" ind2=" " tag="700"><subfield code="a">Schneider, Jacob.</subfield></datafield><datafield ind1="1" ind2=" " tag="700"><subfield code="a">Gerrish, George.</subfield></datafield><datafield ind1=" " ind2=" " tag="752"><subfield code="a">United States</subfield><subfield code="b">Pennsylvania</subfield><subfield code="c">Berks</subfield><subfield code="d">Reading.</subfield></datafield><datafield ind1="0" ind2="0" tag="780"><subfield code="t">Unpartheyische Reading Adler</subfield><subfield code="w">(DLC)sn 83025907</subfield><subfield code="w">(OCoLC)10006087</subfield></datafield><datafield ind1="0" ind2="0" tag="785"><subfield code="t">Readinger Adler</subfield><subfield code="w">(DLC)sn 83025908</subfield><subfield code="w">(OCoLC)10006174</subfield></datafield><datafield ind1=" " ind2=" " tag="850"><subfield code="a">MH</subfield></datafield><datafield ind1=" " ind2=" " tag="938"><subfield code="a">Kirtas Technologies, Inc.</subfield><subfield code="b">KRTS</subfield><subfield code="n">739751</subfield></datafield></record>